<record><leader>00000cas a22000007a 4500</leader><controlfield tag="001">27950936</controlfield><controlfield tag="008">930420d19481951scuwr ne      0    0eng d</controlfield><datafield ind1=" " ind2=" " tag="010"><subfield code="a">sn 93067704 </subfield></datafield><datafield ind1=" " ind2=" " tag="040"><subfield code="a">SVN</subfield><subfield code="b">eng</subfield><subfield code="c">SVN</subfield><subfield code="d">NVJ</subfield><subfield code="d">OCLCQ</subfield></datafield><datafield ind1=" " ind2=" " tag="042"><subfield code="a">msc</subfield></datafield><datafield ind1="0" ind2="0" tag="245"><subfield code="a">McColl messenger.</subfield></datafield><datafield ind1=" " ind2=" " tag="260"><subfield code="a">McColl, S.C. :</subfield><subfield code="b">Chester A. Martin</subfield></datafield><datafield ind1=" " ind2=" " tag="300"><subfield code="a">v.</subfield></datafield><datafield ind1=" " ind2=" " tag="310"><subfield code="a">Weekly</subfield></datafield><datafield ind1="0" ind2=" " tag="362"><subfield code="a">Vol. 1, no. 1 (Apr. 22, 1948)-</subfield></datafield><datafield ind1=" " ind2=" " tag="500"><subfield code="a">On June 19, 1951, the McColl messenger separated from the News messenger (Hamlet, N.C.)--and resumed publication from McColl, S.C.</subfield></datafield><datafield ind1=" " ind2=" " tag="580"><subfield code="a">Merged with: Hamlet news messenger, and: East Rockingham news, to form: News messenger (Hamlet, N.C.), &lt;Apr. 9, 1951&gt;.</subfield></datafield><datafield ind1=" " ind2="4" tag="651"><subfield code="a">Marlboro County (S.C.)</subfield><subfield code="v">Newspapers.</subfield></datafield><datafield ind1=" " ind2=" " tag="752"><subfield code="a">United States</subfield><subfield code="b">South Carolina</subfield><subfield code="c">Marlboro</subfield><subfield code="d">McColl.</subfield></datafield><datafield ind1="1" ind2="7" tag="785"><subfield code="t">Hamlet news messenger</subfield><subfield code="w">(DLC)sn 95072298</subfield></datafield><datafield ind1="1" ind2="7" tag="785"><subfield code="t">East Rockingham news</subfield><subfield code="w">(DLC)sn 83025808</subfield></datafield><datafield ind1="1" ind2="7" tag="785"><subfield code="t">News messenger (Hamlet, N.C.)</subfield><subfield code="w">(DLC)sn 95072299</subfield></datafield><datafield ind1="1" ind2=" " tag="029"><subfield code="a">AU@</subfield><subfield code="b">000020746660</subfield></datafield></record>